\begin{center}
    \textbf{\Huge Webographieiii}
\end{center}
  
@misc{googleClassroom,
  key = {a},
  howpublished = {\url{https://sites.google.com/view/classroom-workspace}},
}
@misc{piazza,
  key = {b},
  howpublished = {\url{https://upload.wikimedia.org/wikipedia/commons/thumb/8/8e/Piazza_logo.png/1200px-Piazza_logo.png}},
}
@misc{chatgpt,
  key = {c},
  howpublished = {\url{https://upload.wikimedia.org/wikipedia/commons/thumb/0/04/ChatGPT_logo.svg/2048px-ChatGPT_logo.svg.png}},
}
@misc{poe,
  key = {d},
  howpublished = {\url{https://techcrunch.com/wp-content/uploads/2023/03/Poe.jpg}},
}
@misc{2tup,
  key = {e},
  howpublished = {\url{https://www.researchgate.net/profile/Amir-Guizani-2/publication/303497462/figure/fig6/AS:556507492487174@1509693133373/La-methode-2TUP-6.png}},
}
@misc{ai,
  key = {f},
  howpublished = {\url{https://fr.wikipedia.org/wiki/Intelligence_artificielle}},
}
@misc{deepLearning,
  key = {g},
  howpublished = {\url{https://fr.wikipedia.org/wiki/Apprentissage_profond}},
}
@misc{moe,
  key = {h},
  howpublished = {\url{https://huggingface.co/blog/moe}},
}
@misc{cloudPriv√©,
  key = {i},
  howpublished = {\url{https://aws.amazon.com/fr/what-is/private-cloud/#:~:text=Un%20cloud%20priv%C3%A9%20est%20un,un%20portail%20en%20libre%2Dservice.}},
}
@misc{CloudPublique,
  key = {j},
  howpublished = {\url{https://www.oracle.com/fr/cloud/definition-cloud-public/}},
}
@misc{CloudHybride,
  key = {k},
  howpublished = {\url{https://cloud.google.com/learn/what-is-hybrid-cloud?hl=fr#:~:text=Un%20cloud%20hybride%20est%20un,sur%20site%20ou%20en%20p%C3%A9riph%C3%A9rie}},
}
@misc{acteur,
  key = {l},
  howpublished = {\url{https://fr.wikipedia.org/wiki/Acteur_(UML)}},
}
@misc{StatsFramework,
  key = {m},
  howpublished = {\url{https://medium.com/javascript-scene/top-javascript-frameworks-and-technology-2023-4e4a06d6be93}},
}
@misc{StatsBdd,
  key = {n},
  howpublished = {\url{https://appinventiv.com/blog/top-web-app-database-list}},
}
@misc{mixtral8x7b,
  key = {o},
  howpublished = {\url{https://artificialanalysis.ai/models/mixtral-8x7b-instruct}},
}
@misc{codage,
  key = {p},
  howpublished = {\url{https://huggingface.co/blog/mixtral#what-is-mixtral-8x7b}},
}





